% Encoding: UTF-8

@Article{babaeizadeh2018adjustable,
  author  = {Babaeizadeh, Mohammad and Ghiasi, Golnaz},
  journal = {arXiv preprint arXiv:1811.08560},
  title   = {Adjustable real-time style transfer},
  year    = {2018},
}

@Comment{jabref-meta: databaseType:bibtex;}
